 @misc{venkatesh,
  title   = {
             Automatic image annotation using deep learning representations: Proceedings of the 5th ACM on International Conference on Multimedia Retrieval
             },
  url     = {https://dl.acm.org/doi/pdf/10.1145/2671188.2749391},
  journal = {ACM Conferences},
  author  = {
             Venkatesh N. Murthy University of Massachusetts Amherst and Murthy, Venkatesh N. and Amherst, University of Massachusetts and Subhransu Maji University of Massachusetts Amherst and Maji, Subhransu and R. Manmatha University of Massachusetts Amherst and Manmatha, R. and University, Carnegie Mellon and Kong, City University of Hong and University, Fudan and et al.
             },
  year    = {2015},
  month   = {Jun}
}
@misc{goodfellow2015explaining,
  title         = {Explaining and Harnessing Adversarial Examples},
  author        = {Ian J. Goodfellow and Jonathon Shlens and Christian Szegedy},
  year          = {2015},
  eprint        = {1412.6572},
  archiveprefix = {arXiv},
  primaryclass  = {stat.ML}
}
@article{cheng_zhang_fu_tu_li_2018,
  title   = {A survey and analysis on Automatic Image Annotation},
  volume  = {79},
  doi     = {10.1016/j.patcog.2018.02.017},
  journal = {Pattern Recognition},
  author  = {Cheng, Qimin and Zhang, Qian and Fu, Peng and Tu, Conghuan and Li, Sen},
  year    = {2018},
  pages   = {242â€“259}
} 
@misc{szegedy2014intriguing,
  title         = {Intriguing properties of neural networks},
  author        = {Christian Szegedy and Wojciech Zaremba and Ilya Sutskever and Joan Bruna and Dumitru Erhan and Ian Goodfellow and Rob Fergus},
  year          = {2014},
  eprint        = {1312.6199},
  archiveprefix = {arXiv},
  primaryclass  = {cs.CV}
}
